@article{BogovicHJ13,
  author    = {John A. Bogovic and
               Gary B. Huang and
               Viren Jain},
  title     = {Learned versus Hand-Designed Feature Representations for 3d Agglomeration},
  journal   = {CoRR},
  volume    = {abs/1312.6159},
  year      = {2013},
  url       = {http://arxiv.org/abs/1312.6159},
  timestamp = {Mon, 06 Jan 2014 15:10:41 +0100},
  biburl    = {http://dblp.uni-trier.de/rec/bib/journals/corr/BogovicHJ13},
  bibsource = {dblp computer science bibliography, http://dblp.org}
}